Automatically generated by Mendeley 1.9.2
Any changes to this file will be lost if it is regenerated by Mendeley.

@article{Dwork2001,
address = {New York, New York, USA},
author = {Dwork, Cynthia and Kumar, Ravi and Naor, Moni and Sivakumar, D.},
doi = {10.1145/371920.372165},
file = {:Users/user/Documents/Google Drive/papers/p577.pdf:pdf},
isbn = {1581133480},
journal = {Proceedings of the tenth international conference on World Wide Web - WWW '01},
keywords = {meta-,multi-word queries,rank aggregation,ranking functions,search,spam},
pages = {613--622},
publisher = {ACM Press},
title = {{Rank aggregation methods for the Web}},
url = {http://portal.acm.org/citation.cfm?doid=371920.372165},
year = {2001}
}
@article{Chignell1999,
author = {Chignell, MH and Gwizdka, Jacek and Bodner, RC},
doi = {10.1016/S0306-4573(98)00065-X},
file = {:Users/user/Documents/Google Drive/papers/DiscriminatingMetaSearch-ChignellGwizdkaBodner\_IPM\_1999.pdf:pdf},
issn = {03064573},
journal = {Information processing \& \ldots},
month = may,
number = {3},
pages = {337--362},
title = {{Discriminating meta-search: a framework for evaluation}},
url = {http://linkinghub.elsevier.com/retrieve/pii/S030645739800065X http://www.sciencedirect.com/science/article/pii/S030645739800065X},
volume = {35},
year = {1999}
}
