Automatically generated by Mendeley 1.9.2
Any changes to this file will be lost if it is regenerated by Mendeley.

@article{Rasolofo2001,
author = {Rasolofo, Yves and Abbaci, F and Savoy, J},
file = {:Users/user/Documents/Google Drive/papers/Approaches to Collection Selection and Results Merging for Distributed Information Retrieval.pdf:pdf},
journal = {\ldots international conference on Information \ldots},
keywords = {collection selection,distributed information retrieval,evaluation,results merging,search},
title = {{Approaches to collection selection and results merging for distributed information retrieval}},
url = {http://dl.acm.org/citation.cfm?id=502618},
year = {2001}
}
@article{Jorg2007,
author = {Jorg, H and Proceedings, Eds and International, Second and Lu, Chengye and Xu, Yue and Geva, Shlomo},
file = {:Users/user/Documents/Google Drive/papers/15237.pdf:pdf},
pages = {279--288},
title = {{QUT Digital Repository : This is the author-version of the work . Conference proceedings published , by http://www.springer.de/comp/lncs/ Lecture Notes in Computer Science Collection Profiling for Collection Fusion in Distributed Information Retrieval Sys}},
year = {2007}
}
@article{Lin2004,
author = {Lin, Wen-cheng and Chen, Hsin-hsi},
file = {:Users/user/Documents/Google Drive/papers/NTCIR4WN-CLIR-LinW.pdf:pdf},
keywords = {information retrieval,merging strategy,multilingual,query translation},
number = {June},
pages = {2--4},
title = {{Merging Multilingual Information Retrieval Results Based on Prediction of Retrieval Effectiveness}},
year = {2004}
}
@article{Hiemstra2010,
author = {Hiemstra, Djoerd},
file = {:Users/user/Documents/Google Drive/papers/dir2010.pdf:pdf},
keywords = {collection fusion,distributed information retrieval,federated-,ing,interleav-,learning to rank,meta-search,results merging,round robin,search},
pages = {55--62},
title = {{Learning to Merge Search Results for Efficient Distributed Information Retrieval}},
year = {2010}
}
@article{Voorhees1995,
author = {Voorhees, EM and Gupta, NK and Johnson-Laird, B},
file = {:Users/user/Documents/Google Drive/papers/Learning Collection Fusion Strategies.pdf:pdf},
journal = {Proceedings of the 18th \ldots},
pages = {172--179},
title = {{Learning Collection Fusion Strategies}},
url = {http://dl.acm.org/citation.cfm?id=215357},
year = {1995}
}
@article{Selberg1999,
author = {Selberg, EW},
file = {:Users/user/Documents/Google Drive/papers/Selberg\_1999.pdf:pdf},
title = {{Towards comprehensive web search}},
url = {http://citeseerx.ist.psu.edu/viewdoc/download?doi=10.1.1.134.1583\&rep=rep1\&type=pdf},
year = {1999}
}
@article{Lin2003,
author = {Lin, Wen-cheng and Chen, Hsin-hsi},
file = {:Users/user/Documents/Google Drive/papers/clef2002.pdf:pdf},
pages = {175--186},
title = {{Merging Mechanisms in Multilingual Information Retrieval}},
year = {2003}
}
