Automatically generated by Mendeley 1.9.2
Any changes to this file will be lost if it is regenerated by Mendeley.

@article{Dreilinger1997,
author = {Dreilinger, Daniel and Howe, AE},
doi = {10.1145/256163.256164},
file = {:Users/user/Documents/Google Drive/papers/selecting\_search\_engines.pdf:pdf},
issn = {10468188},
journal = {ACM Transactions on Information Systems ( \ldots},
month = jul,
number = {3},
pages = {195--222},
title = {{Experiences with selecting search engines using metasearch}},
url = {http://portal.acm.org/citation.cfm?doid=256163.256164 http://dl.acm.org/citation.cfm?id=256164},
volume = {15},
year = {1997}
}
@article{Xu,
author = {Xu, Jinxi and Callan, Jamie},
file = {:Users/user/Documents/Google Drive/papers/effective retrieval with distributed collections.pdf:pdf},
isbn = {1581130155},
journal = {\ldots on Research and development in information retrieval},
title = {{Effective Retrieval with Distributed Collections}},
url = {http://dl.acm.org/citation.cfm?id=290974},
year = {1998}
}
@article{Selberg1997,
author = {Selberg, Erik and Etzioni, Oren},
file = {:Users/user/Documents/Google Drive/papers/ieee-metacrawler.pdf:pdf},
journal = {IEEE expert},
pages = {1--10},
title = {{The MetaCrawler architecture for resource aggregation on the Web}},
url = {http://ieeexplore.ieee.org/xpls/abs\_all.jsp?arnumber=577468},
year = {1997}
}
@article{Dorn2008,
author = {Dorn, J\"{u}rgen and Naz, Tabbasum},
file = {:Users/user/Documents/Google Drive/papers/ICSTC08.pdf:pdf},
journal = {and Technology Conference 2008},
keywords = {design patterns,meta-search,specialized search engine},
title = {{Structuring meta-search research by design patterns}},
url = {http://www.asethome.org/icstc/ICSTC\_Proceedings\_2008.pdf\#page=12},
year = {2008}
}
@article{Thomas2010,
author = {Thomas, Paul and Hawking, David},
file = {:Users/user/Documents/Google Drive/papers/thomas-ds10.pdf:pdf},
journal = {\ldots of the SIGIR workshop on desktop search},
title = {{Metasearch tools for desktop search}},
url = {http://es.csiro.au/pubs/thomas-ds10.pdf},
year = {2010}
}
@article{Viles1995,
author = {Viles, CL and French, JC},
file = {:Users/user/Documents/Google Drive/papers/dissemination of collection wide information.pdf:pdf},
journal = {\ldots Research and development in information retrieval},
number = {July},
title = {{Dissemination of collection wide information in a distributed information retrieval system}},
url = {http://dl.acm.org/citation.cfm?id=215327},
year = {1995}
}
@article{Kwok,
author = {Kwok, KL and Grunfeld, L and Lewis, DD},
file = {:Users/user/Documents/Google Drive/papers/TREC-3 Ad-Hoc, Routing Retrieval and Thresholding Experiments using PIRCS.pdf:pdf},
journal = {NIST SPECIAL PUBLICATION \ldots},
title = {{TREC-3 ad-hoc, routing retrieval and thresholding experiments using PIRCS}},
url = {http://books.google.com/books?hl=en\&lr=\&id=j-NeLkWNpMoC\&oi=fnd\&pg=PA247\&dq=TREC-3+Ad-Hoc+,+Routing+Retrieval+and+Thresholding+Experiments+using+PIRCS\&ots=YgG1HnAkML\&sig=pBASkOGYEC2X22SLLnVcquslet4},
year = {1995}
}
@article{Yuwono1997,
author = {Yuwono, B and Lee, DL},
file = {:Users/user/Documents/Google Drive/papers/P041.pdf:pdf},
journal = {\ldots Conference on Database Systems for \ldots},
keywords = {-based,neces-,search services have become},
pages = {41--49},
title = {{Server ranking for distributed text retrieval systems on the internet}},
url = {http://books.google.com/books?hl=en\&lr=\&id=ZO-FFJn4FSUC\&oi=fnd\&pg=PA41\&dq=Server+Ranking+for+Distributed+Text+Retrieval+Systems+on+the+Internet\&ots=\_1dAp9dO4U\&sig=eUZDF3GQhLrzjkV51C8S3z\_-GYY},
year = {1997}
}
