Automatically generated by Mendeley 1.9.2
Any changes to this file will be lost if it is regenerated by Mendeley.

@article{Lee,
author = {Lee, Joon Ho},
file = {:Users/user/Documents/Google Drive/papers/Analysis of multiple evidence combination.pdf:pdf},
title = {{Analyses of Multiple Evidence Combination}}
}
@book{Voorhees2005,
author = {Voorhees, E and Harman, DK},
file = {:Users/user/Library/Application Support/Mendeley Desktop/Downloaded/Voorhees, Harman - 2005 - TREC Experiment and evaluation in information retrieval.pdf:pdf},
isbn = {0262220733},
title = {{TREC: Experiment and evaluation in information retrieval}},
url = {http://www.aclweb.org/anthology/J/J06/J06-4008.pdf},
year = {2005}
}
